<?xml version="1.0" encoding="UTF-8"?><collection xmlns="http://www.loc.gov/MARC21/slim"><record><leader>00388nam--2200145-i-4500</leader><controlfield tag="001">000022915</controlfield><controlfield tag="002">20161230</controlfield><controlfield tag="005">20161230201034</controlfield><controlfield tag="008">060222s1000------------r-----000-0-eng-d</controlfield><datafield ind1=" " ind2=" " tag="080"><subfield code="a">511.6</subfield></datafield><datafield ind1=" " ind2=" " tag="100"><subfield code="a">Gillie, Angelo C</subfield></datafield><datafield ind1=" " ind2=" " tag="245"><subfield code="a">Binary arithmetic and boolean algebra</subfield></datafield><datafield ind1=" " ind2=" " tag="260"><subfield code="a">New York,Mcgraw-hill Book Comp., 1965. Viii+248p</subfield></datafield><datafield ind1=" " ind2=" " tag="852"><subfield code="a">32858</subfield><subfield code="c">512</subfield></datafield><datafield ind1=" " ind2=" " tag="CAT"><subfield code="a">Sys</subfield><subfield code="c">20080508</subfield><subfield code="h">143155</subfield></datafield></record></collection>